@inproceedings{dasgupta2012social,
  title={Social sampling},
  author={Dasgupta, Anirban and Kumar, Ravi and Sivakumar, D},
  booktitle={Proceedings of the 18th ACM SIGKDD international conference on Knowledge discovery and data mining},
  pages={235--243},
  year={2012},
  organization={ACM}
}
@article{rothschild2009forecasting,
  title={Forecasting elections comparing prediction markets, polls, and their biases},
  author={Rothschild, David},
  journal={Public Opinion Quarterly},
  volume={73},
  number={5},
  pages={895--916},
  year={2009},
  publisher={AAPOR}
}
@article{goldreich1997sample,
  title={A sample of samplers: A computational perspective on sampling},
  author={Goldreich, Oded},
  journal={def},
  volume={1},
  pages={2n},
  year={1997}
}
